<record><leader>00000cas a22000007a 4500</leader><controlfield tag="001">28039946</controlfield><controlfield tag="008">930504c19769999maumr ne      0    0eng d</controlfield><datafield ind1=" " ind2=" " tag="010"><subfield code="a">sn 93058805 </subfield></datafield><datafield ind1=" " ind2=" " tag="040"><subfield code="a">MGN</subfield><subfield code="b">eng</subfield><subfield code="c">MGN</subfield><subfield code="d">OCL</subfield><subfield code="d">OCLCQ</subfield><subfield code="d">OCLCF</subfield><subfield code="d">OCLCO</subfield></datafield><datafield ind1="1" ind2=" " tag="029"><subfield code="a">AU@</subfield><subfield code="b">000020743831</subfield></datafield><datafield ind1=" " ind2=" " tag="042"><subfield code="a">msc</subfield></datafield><datafield ind1=" " ind2=" " tag="043"><subfield code="a">n-us-ma</subfield></datafield><datafield ind1="0" ind2="4" tag="245"><subfield code="a">The Ashfield news.</subfield></datafield><datafield ind1=" " ind2=" " tag="260"><subfield code="a">Ashfield, Mass. :</subfield><subfield code="b">[s.n.],</subfield><subfield code="c">1976-</subfield></datafield><datafield ind1=" " ind2=" " tag="300"><subfield code="a">v.</subfield></datafield><datafield ind1=" " ind2=" " tag="310"><subfield code="a">Monthly</subfield></datafield><datafield ind1="0" ind2=" " tag="362"><subfield code="a">Vol. 1. no. 1 (July 4, 1976)-</subfield></datafield><datafield ind1=" " ind2=" " tag="515"><subfield code="a">Not issued in Aug. 1976.</subfield></datafield><datafield ind1=" " ind2="0" tag="651"><subfield code="a">Ashfield (Mass.)</subfield><subfield code="v">Newspapers.</subfield></datafield><datafield ind1=" " ind2="7" tag="655"><subfield code="a">Newspapers.</subfield><subfield code="2">fast</subfield><subfield code="0">(OCoLC)fst01423814</subfield></datafield><datafield ind1=" " ind2="7" tag="651"><subfield code="a">Massachusetts</subfield><subfield code="z">Ashfield.</subfield><subfield code="2">fast</subfield><subfield code="0">(OCoLC)fst01210519</subfield></datafield><datafield ind1=" " ind2=" " tag="752"><subfield code="a">United States</subfield><subfield code="b">Massachusetts</subfield><subfield code="c">Franklin</subfield><subfield code="d">Ashfield.</subfield></datafield></record>